@inproceedings{vaswani2017attention,
  title={Attention is all you need},
  author={Vaswani, Ashish and Shazeer, Noam and Parmar, Niki and Uszkoreit, Jakob and Jones, Llion and Gomez, Aidan N and Kaiser, {\L}ukasz and Polosukhin, Illia},
  booktitle={Advances in neural information processing systems},
  pages={5998--6008},
  year={2017}
}

@book{sutton2018reinforcement,
  title={Reinforcement learning: An introduction},
  author={Sutton, Richard S and Barto, Andrew G},
  year={2018},
  publisher={MIT press}
}

@article{hopfield1982neural,
  title={Neural networks and physical systems with emergent collective computational abilities},
  author={Hopfield, John J},
  journal={Proceedings of the national academy of sciences},
  volume={79},
  number={8},
  pages={2554--2558},
  year={1982},
  publisher={National Acad Sciences}
}

@article{feynman1982simulating,
  title={Simulating physics with computers},
  author={Feynman, Richard P},
  journal={International journal of theoretical physics},
  volume={21},
  number={6-7},
  pages={467--488},
  year={1982},
  publisher={Springer}
}